<collection xmlns="http://www.loc.gov/MARC21/slim">
<record>
  <leader>01088nam0a2200229 i 450 </leader>
  <controlfield tag="001">IT\ICCU\CNCE\000995</controlfield>
  <controlfield tag="005">20050503000000.0</controlfield>
  <datafield tag="012" ind1=" " ind2=" ">
    <subfield code="a">sapu o-i- r-de cuqu (C) 1584 (A)</subfield>
    <subfield code="2">fei</subfield>
  </datafield>
  <datafield tag="100" ind1=" " ind2=" ">
    <subfield code="a">19970101d1584        0itac0103    ba</subfield>
  </datafield>
  <datafield tag="101" ind1=" " ind2=" ">
    <subfield code="a">LAT</subfield>
  </datafield>
  <datafield tag="102" ind1=" " ind2=" ">
    <subfield code="a">IT</subfield>
  </datafield>
  <datafield tag="200" ind1="1" ind2=" ">
    <subfield code="a">De candelarum aliarumque rerum sensu carentium, benedictionibus quae ecclesiastico more fieri consueuerunt aduersos haereticos, breuis disputatio ... De Domini Resurrectione disputatio</subfield>
  </datafield>
  <datafield tag="210" ind1=" " ind2=" ">
    <subfield code="a">Tridenti</subfield>
    <subfield code="c">apud Ioannem Baptistam</subfield>
    <subfield code="d">&amp; eius fratrem de Gelminis</subfield>
    <subfield code="d">1584</subfield>
  </datafield>
  <datafield tag="215" ind1=" " ind2=" ">
    <subfield code="a">\14! c.</subfield>
    <subfield code="d">4ʻ</subfield>
  </datafield>
  <datafield tag="620" ind1=" " ind2=" ">
    <subfield code="a">IT</subfield>
    <subfield code="d">Trento</subfield>
  </datafield>
  <datafield tag="700" ind1=" " ind2="1">
    <subfield code="a">Alessandri,</subfield>
    <subfield code="b">Gabriele</subfield>
    <subfield code="3">IT\ICCU\CNCA\000588</subfield>
  </datafield>
  <datafield tag="712" ind1="0" ind2="0">
    <subfield code="a">Gelmini, Giovanni Battista &amp; Gelmini, Giacomo</subfield>
    <subfield code="3">IT\ICCU\CNCT\000438</subfield>
    <subfield code="4">650</subfield>
  </datafield>
  <datafield tag="790" ind1=" " ind2="1">
    <subfield code="a">Alexandrius,</subfield>
    <subfield code="b">Gabriel</subfield>
    <subfield code="3">IT\ICCU\CNCA\026480</subfield>
    <subfield code="z">Alessandri, Gabriele</subfield>
  </datafield>
  <datafield tag="790" ind1=" " ind2="1">
    <subfield code="a">Alessandri,</subfield>
    <subfield code="b">Gabriello</subfield>
    <subfield code="3">IT\ICCU\CNCA\026481</subfield>
    <subfield code="z">Alessandri, Gabriele</subfield>
  </datafield>
  <datafield tag="791" ind1="0" ind2="0">
    <subfield code="a">Gelmini, Giacomo</subfield>
    <subfield code="3">IT\ICCU\CNCT\000439</subfield>
    <subfield code="z">Gelmini, Giovanni Battista &amp; Gelmini, Giacomo</subfield>
  </datafield>
  <datafield tag="801" ind1=" " ind2="3">
    <subfield code="a">IT</subfield>
    <subfield code="b">ICCU</subfield>
    <subfield code="c">20201113</subfield>
  </datafield>
  <datafield tag="899" ind1=" " ind2=" ">
    <subfield code="a">Biblioteca comunale Ariostea. Ferrara</subfield>
    <subfield code="1">FE0017</subfield>
    <subfield code="2">UFE AR</subfield>
  </datafield>
</record>
</collection>
